@article{angeletos2002fiscal,
  title={Fiscal policy with noncontingent debt and the optimal maturity structure},
  author={Angeletos, George-Marios},
  journal={The Quarterly Journal of Economics},
  volume={117},
  number={3},
  pages={1105--1131},
  year={2002},
  publisher={MIT Press}
}

@article{buera2004optimal,
  title={Optimal maturity of government debt without state contingent bonds},
  author={Buera, Francisco and Nicolini, Juan Pablo},
  journal={Journal of Monetary Economics},
  volume={51},
  number={3},
  pages={531--554},
  year={2004},
  publisher={Elsevier}
}

